<record><leader>00000cas a22000007a 4500</leader><controlfield tag="001">31866454</controlfield><controlfield tag="008">950121d19921993okuwr n       0    0eng d</controlfield><datafield ind1=" " ind2=" " tag="010"><subfield code="a">sn 95076004 </subfield></datafield><datafield ind1=" " ind2=" " tag="040"><subfield code="a">OBN</subfield><subfield code="b">eng</subfield><subfield code="c">OBN</subfield><subfield code="d">OCL</subfield><subfield code="d">OCLCQ</subfield><subfield code="d">OCLCF</subfield><subfield code="d">OCLCO</subfield></datafield><datafield ind1="1" ind2=" " tag="029"><subfield code="a">AU@</subfield><subfield code="b">000011527050</subfield></datafield><datafield ind1=" " ind2=" " tag="042"><subfield code="a">msc</subfield></datafield><datafield ind1=" " ind2=" " tag="043"><subfield code="a">n-us-ok</subfield></datafield><datafield ind1="0" ind2=" " tag="130"><subfield code="a">Indian citizen democrat (Atoka, Okla. : 1992)</subfield></datafield><datafield ind1="1" ind2="0" tag="245"><subfield code="a">Indian citizen democrat.</subfield></datafield><datafield ind1="3" ind2="0" tag="246"><subfield code="a">Atoka Indian citizen</subfield></datafield><datafield ind1=" " ind2=" " tag="260"><subfield code="a">Atoka, Okla. :</subfield><subfield code="b">Charlie Bonner</subfield></datafield><datafield ind1=" " ind2=" " tag="300"><subfield code="a">v.</subfield></datafield><datafield ind1=" " ind2=" " tag="310"><subfield code="a">Weekly</subfield></datafield><datafield ind1="0" ind2=" " tag="362"><subfield code="a">Vol. 107, no. 37 (Dec. 9, 1992)-v. 107, no. 42 (Jan. 20, 1993).</subfield></datafield><datafield ind1=" " ind2="0" tag="651"><subfield code="a">Atoka (Okla.)</subfield><subfield code="v">Newspapers.</subfield></datafield><datafield ind1=" " ind2="0" tag="651"><subfield code="a">Atoka County (Okla.)</subfield><subfield code="v">Newspapers.</subfield></datafield><datafield ind1=" " ind2="7" tag="655"><subfield code="a">Newspapers.</subfield><subfield code="2">fast</subfield><subfield code="0">(OCoLC)fst01423814</subfield></datafield><datafield ind1=" " ind2="7" tag="651"><subfield code="a">Oklahoma</subfield><subfield code="z">Atoka.</subfield><subfield code="2">fast</subfield><subfield code="0">(OCoLC)fst01221557</subfield></datafield><datafield ind1=" " ind2="7" tag="651"><subfield code="a">Oklahoma</subfield><subfield code="z">Atoka County.</subfield><subfield code="2">fast</subfield><subfield code="0">(OCoLC)fst01208704</subfield></datafield><datafield ind1=" " ind2=" " tag="752"><subfield code="a">United States</subfield><subfield code="b">Oklahoma</subfield><subfield code="c">Atoka</subfield><subfield code="d">Atoka.</subfield></datafield><datafield ind1="0" ind2="0" tag="780"><subfield code="t">Atoka Indian citizen</subfield><subfield code="w">(DLC)sn 95076001</subfield><subfield code="w">(OCoLC)31805935</subfield></datafield><datafield ind1="0" ind2="0" tag="785"><subfield code="t">Indian citizen democrat and Atoka jeffersonian</subfield><subfield code="w">(DLC)sn 95076003</subfield><subfield code="w">(OCoLC)31866405</subfield></datafield><datafield ind1="0" ind2="7" tag="785"><subfield code="t">Atoka jeffersonian</subfield><subfield code="w">(DLC)sn 93065956</subfield><subfield code="w">(OCoLC)27318774</subfield></datafield></record>